@ARTICLE{wikipedia:nosql,
    TITLE      = {NoSQL},
    URL        = "https://en.wikipedia.org/wiki/Nosql",
    PUBLISHER  = {Wikipedia},
}


@article{web:db-compare,
    TITLE = {},
    URL = "http://kkovacs.eu/cassandra-vs-mongodb-vs-couchdb-vs-redis",
}

@book{couchdb:guide,
    TITLE   = {CouchDB Guide},
    URL     = "http://guide.couchdb.org/",
}
