@misc{couch:homepage,
  author = {{Apache Software Foundation}},
  title = {Apache CouchDB: The CouchDB Project},
  howpublished = {\url{http://couchdb.apache.org/}},
  note = {zuletzt abgerufen am 10.10.2012},
  year = {2012}
}

@misc{couch:overview,
  author = {{Apache Software Foundation}},
  title = {Apache CouchDB: Technical Overview},
  howpublished = {\url{http://wiki.apache.org/couchdb/Technical%20Overview}},
  note = {zuletzt abgerufen am 10.10.2012},
  year = {2009}
}

@misc{design:replication,
  author = {{CouchDB Wiki}},
  title = {Designing an application to work with replication},
  howpublished = {\url{http://wiki.apache.org/couchdb/How_to_design_for_replication}},
  note = {zuletzt abgerufen am 10.10.2012},
  year = {2009}
}

@misc{json:rfc,
  author = "Crockford, Douglas",
  title = "Network Working Group, Request for Comments 4627",
  month = {Juli},
  year = "2006",
  howpublished = {\url{http://www.ietf.org/rfc/rfc4627.txt}},
  note = {zuletzt abgerufen am 05.06.2012}
}

@misc{json:crockford,
  author = "Crockford, Douglas",
  title = "JSON",
  year = "2010",
  howpublished = {\url{http://www.json.org/}},
  note = {zuletzt abgerufen am 10.10.2012}
}


@misc{logstructuredstorage,
  author = {Johnson, Nick},
  title = {Damn Cool Algorithms: Log structured storage},
  howpublished = {\url{http://blog.notdot.net/2009/12/Damn-Cool-Algorithms-Log-structured-storage}},
  year = {2009},
  month = {Dezember},
  note = {zuletzt abgerufen am 10.10.2012}
}

@misc{couch:oftheweb,
  author = {{Kaplan-Moss, Jacob}},
  title = {Of the Web},
  howpublished = {\url{http://jacobian.org/writing/of-the-web/}},
  note = {zuletzt abgerufen am 10.10.2012},
  year = {2007},
  month = {Oktober}
}

@misc{uuids,
  title = {RFC 4122 - A Universally Unique IDentifier (UUID) URN Namespace},
  howpublished = {\url{http://tools.ietf.org/html/rfc4122}},
  year = {2005},
  month = {Juli},
  note = {zuletzt abgerufen am 10.10.2012},
  author = {Leach, Paul J.}
}

@misc{python:homepage,
  author = {{Python Software Foundation}}, 
  title = "Python Programming Language",
  year = "2010",
  howpublished = {\url{http://www.python.org/}},
  note = {zuletzt abgerufen am 10.10.2012}
}


@misc{couchdb:joins,
  author = {Lenz, Christopher},
  title = {CouchDB \enquote{Joins}},
  howpublished = {\url{http://www.cmlenz.net/archives/2007/10/couchdb-joins}},
  note = {zuletzt abgerufen am 10.10.2012},
  year = {2007}, 
  month = {Oktober}
}

@misc{mongodb:website,
  author = {{10gen}},
  title = {mongoDB Replication},
  howpublished = {\url{http://www.mongodb.org/display/DOCS/Replication}},
  note = {zuletzt abgerufen am 16.06.2010},
  year = {2010}
}

@misc{riak:website,
  author = {{Basho}},
  title = {Riak: An Open Source Internet-Scale Data Store},
  howpublished = {\url{http://wiki.basho.com/display/RIAK/Riak}},
  note = {zuletzt abgerufen am 16.06.2010},
  year = {2010}
}


@misc{voldemort:website,
  author = {{Project Voldemort}},
  title = {Project Voldemort - A distributed database},
  howpublished = {\url{http://project-voldemort.com/}},
  note = {zuletzt abgerufen am 06.07.2010}
}

@misc{postgres:website,
  author = {PostgreSQL GLobal Development Group},
  title = {PostgreSQL},
  howpublished = {\url{http://www.postgresql.org/}},
  note = {zuletzt abgerufen am 22.06.2010}
}

@misc{mysql:website,
  author = {Oracle Corporation},
  title = {MySQL},
  howpublished = {\url{http://www.mysql.com/?bydis_dis_index=1}},
  note = {zuletzt abgerufen am 22.06.2010}
}

@misc{postgres:replication,
  author = {PostgreSQL GLobal Development Group},
  title = {Replication, Clustering, and Connection Pooling},
  howpublished = {\url{http://wiki.postgresql.org/index.php?title=Replication%2C_Clustering%2C_and_Connection_Pooling&oldid=15990}},
  note = {zuletzt abgerufen am 22.06.2010}
}


@misc{nosql:datamodel,
  author = {Ilya Katsov},
  title = {NoSQL Data Modeling Techniques},
  howpublished = {\url{https://highlyscalable.wordpress.com/2012/03/01/nosql-data-modeling-techniques/}},
  note = {zuletzt abgerufen 10.10.1012}
}
