
@article{bernstein,
  author = {Bernstein, Philip A.; Goodman, Nathan},
  title = {Concurrency Control in Distributed Database Systems},
  journal = {ACM Comput. Surv.},
  volume = {13},
  number = {2},
  year = {1981},
  pages = {185--221},
  publisher = {ACM},
  address = {New York, NY, USA},
}

@article{cap,
 author = {Gilbert, Seth; Lynch, Nancy},
 title = {Brewer's conjecture and the feasibility of consistent, available, partition-tolerant web services},
 journal = {SIGACT News},
 volume = {33},
 number = {2},
 year = {2002},
 issn = {0163-5700},
 pages = {51--59},
 publisher = {ACM},
 address = {New York, NY, USA}
}

@inproceedings{cap:brewer,
  author    = {Eric A. Brewer},
  title     = {Towards robust distributed systems (abstract)},
  booktitle = {PODC},
  year      = {2000},
  pages     = {7},
  ee        = {http://doi.acm.org/10.1145/343477.343502},
  bibsource = {DBLP, http://dblp.uni-trier.de}
}

@article{codd,
 author = {Codd, Edgar Frank},
 title = {A relational model of data for large shared data banks},
 journal = {Communications of the ACM},
 volume = {26},
 number = {1},
 year = {1983},
 pages = {64--69},
 publisher = {ACM},
 address = {New York, NY, USA},
}


@book{couchdb,
  author={{Anderson, J. Chris; Lehnardt, Jan; Slater, Noah}},
  title={CouchDB: The Definitive Guide},
  publisher={O'Reilly Media},
  isbn={978-0596155896},
  month = {Februar},
  year = {2010}
}

@inproceedings{mapreduce,
 author = {{Yang, Hung-chih; Dasdan, Ali; Hsiao, Ruey-Lung; Parker, D. Stott}},
 title = {Map-reduce-merge: simplified relational data processing on large clusters},
 booktitle = {SIGMOD '07: Proceedings of the 2007 ACM SIGMOD international conference on Management of data},
 year = {2007},
 isbn = {978-1-59593-686-8},
 pages = {1029--1040},
 location = {Beijing, China},
 doi = {http://doi.acm.org/10.1145/1247480.1247602},
 publisher = {ACM},
 address = {New York, NY, USA},
 }



@book{datenbanksysteme,
  author    = {Härder, Theo; Rahm, Erhard},
  title     = {Datenbanksysteme: Konzepte und Techniken der Implementierung, 2. Auflage},
  publisher = {Springer},
  year      = {2001},
  isbn      = {3-540-42133-5}
}

@misc{http:protocol,
    author = {{Fielding, R.; Frystyk, H.; Berners-Lee, T.; Gettys, J.; Mogul, Jeffrey C.}},
    title = {Hypertext Transfer Protocol - HTTP/1.1},
    year = {1996}
}

@book{internetdatenbanken,
  author={{Assfalg, Rolf; Goebels, Udo; Welter, Heinrich}},
  title={Internet Datenbanken},
  publisher={Addison-Wesley},
  year = {1998}
}


@book{knuth,
  author={Knuth, Donald},
  title={The art of computer programming vol 1. Fundamental Algorithms, Dritte Auflage},
  publisher={Addison-Wesley},
  isbn={0-201-89683-4},
  year = {1997}
}

@article{logstructuredFS,
  author = {Rosenblum, Mendel; Ousterhout, John K.},
  title = {The Design and Implementation of a Log-Structured File System},
  journal = {ACM Transactions on Computer Systems},
  year = {1991},
  month = {Juli},
  volume = {10},
  pages = {1--15}
}

@article{logstoragereplication,
  author = {Hupfeld, Felix},
  title = { Log-Structured Storage for Efficient Weakly-Connected Replication},
  journal = {ICDCS Workshops},
  year = {2004},
  month = {März},
  pages = {458--463}
}

@mastersthesis{mixedblessings,
  author={Varley, Ian Thomas}, 
  title={No Relation: The Mixed Blessings of Non-Relational Databases}, 
  school={University of Texas at Austin}, 
  year = {2009},
  month = {August}
}


@unpublished{moser,
  title={Consistency in Distributed Key/Value Stores}, 
  year = {2009},
  month = {Oktober},
  note={Talk at NoSQL Berlin},
  author={Moser, Monika}
}

@unpublished{nosql:jan,
  title={Peer-to-peer Applications with CouchDB}, 
  year = {2009},
  month = {Oktober},
  note={Talk at NoSQL Berlin},
  author={Lehnardt, Jan}
}

@unpublished{couchdb:talk,
  author = {{Lehnardt, Jan}},
  title = {Introduction into CouchDB},
  note = {Talk at BBC London},
  year = {2008},
  month = {August}
}

@unpublished{scalingdown,
  title={Making Software for Humans - CouchDB and the Usable Peer-To-Peer Web}, 
  year = {2010},
  month = {June},
  note={Talk at Berlin Buzzwords},
  author={Lehnardt, Jan}
}


@article{replication:optimistic,
 author = {Saito, Yasushi; Shapiro, Marc},
 title = {Optimistic replication},
 journal = {ACM Comput. Surv.},
 volume = {37},
 number = {1},
 year = {2005},
 issn = {0360-0300},
 pages = {42--81},
 doi = {http://doi.acm.org/10.1145/1057977.1057980},
 publisher = {ACM},
 address = {New York, NY, USA}
}

@phdthesis{rest:thesis,
  author = {Roy Fielding},
  school = {{University of California}},
  title = {Architectural Styles and the Design of Network-based Software Architectures},
  year = "2000"
}

@book{tanenbaum:vs,
 author={Tanenbaum, Andrew S.; van Steen, Maarten},
 edition = {2., Aufl.},
 publisher = {Pearson Studium},
 title = {Verteilte Systeme},
 year = {2007}
}

@book{vs:bengel,
  author={Bengel, G\"unther},
  title={Verteilte Systeme. 3. Auflage},
  publisher={Vieweg},
  year = {2004}
}

@book{vs:coulouris,
  author = {{Coulouris, George; Dollimore, Jean; Kindberg, Tim}},
  month = {May},
  publisher = {{Addison Wesley}},
  title = {Distributed Systems: Concepts and Design (4th Edition) (International Computer Science Series)},
  year = {2005}
}

