@ARTICLE{wikipedia:nosql,
    TITLE      = {NoSQL},
    URL        = "https://en.wikipedia.org/wiki/Nosql",
    PUBLISHER  = {Wikipedia},
}

@ARTICLE{wikipedia:base,
    TITLE      = {BASE},
    URL        = "https://en.wikipedia.org/wiki/Eventual_consistency",
    PUBLISHER  = {Wikipedia},
}

@article{web:db-compare,
    TITLE = {Vergleich Von NoSQL Datenbanken},
    URL = "http://kkovacs.eu/cassandra-vs-mongodb-vs-couchdb-vs-redis",
}

@article{web:nosql-modeling,
    TITLE = {NoSQL Daten Modellierungs Technicken},
    URL = "https://highlyscalable.wordpress.com/2012/03/01/nosql-data-modeling-techniques/",
}

@book{couchdb:guide,
    TITLE   = {CouchDB Guide},
    URL     = "http://guide.couchdb.org/",
}
